@misc{sagetex,
    author={Drake, Dan and et. al.},
    title={SageTeX Github Repository},
    year={2015},
    url={https://github.com/dandrake/sagetex}
}

@book{komascript,
  title={KOMA-Script: Eine Sammlung von Klassen und Paketen f√ºr \LaTeX2e},
  author={Kohm, Markus},
  year={2014},
  publisher={Lehmanns Media},
  url={https://www.ctan.org/pkg/koma-script?lang=en}
}

